##You need to run "sample_rel.bib" after "latex sample.tex"

##pure Fe
##fcc-Fe

@article{blochl1994,
author={Blochl, P.E.},
title={Projector augmented-wave method},
journal={Phys. Rev. B},
year={1994},
volume={50},
pages={17953-17979},
}

@article{paw,
  title = {From ultrasoft pseudopotentials to the projector augmented-wave method},
  author = {Kresse, G.  and Joubert, D. },
  journal = {Phys. Rev. B},
  volume = {59},
  pages = {1758-1775},
  year = {1999},
  doi = {10.1103/PhysRevB.59.1758},
  publisher = {American Physical Society},
}

@article{holzwarth2001,
author={Holzwarth, N. A. W. and Tackett, A. R. and Matthews, G. E.},
title={A Projector Augmented Wave (PAW) code for electronic structure calculations, Part I: atompaw for generating atom-centered functions},
journal={Computer Physics Communications}, 
year={2001},
volume={135},
pages={329-347},
}

@article{tackett2001,
author={Tackett, A. R. and Holzwarth, N. A. W. and Matthews, G. E.},
title={A Projector Augmented Wave (PAW) code for electronic structure calculations, Part II: pwpaw for periodic solids in a plane wave basis},
journal={Computer Physics Communications},
year={2001},
volume={135},
pages={348-376},
}


%GGA-PBE
@Article{perdew1996,
  title = {Generalized Gradient Approximation Made Simple},
  author = {Perdew, John P. and Burke, Kieron  and Ernzerhof, Matthias },
  journal = {Phys. Rev. Lett.},
  volume = {77},
  pages = {3865-3868},
  year = {1996},
  publisher = {American Physical Society},
}

@article{gonze2009,
author={Gonze, X. and Amadon, B. and Anglade, P.-M. and Beuken, J.-M. and Bottin, F. and Boulanger, P. and Bruneval, F. and Caliste, D. and Caracas, R. and Cote, M. and Deutsch, T. and Genovese, L. and Ghosez, Ph. and Giantomassi, M. and Goedecker, S. and Hamann, D.R. and Hermet, P. and Jollet, F. and Jomard, G. and Leroux, S. and Mancini, M. and Mazevet, S. and Oliveira, M.J.T. and Onida, G. and Pouillon, Y. and Rangel, T. and Rignanese, G.-M. and Sangalli, D. and Shaltaf, R. and Torrent, M. and Verstraete, M.J. and Zerah, G. and Zwanziger},
title={ABINIT: First-principles approach of materials and nanosystem properties},
journal={Computer Physics Communications},
year={2009},
volume={180},
pages={2582-2615},
}

@article{gonze2005,
author={Gonze, X. and Rignanese, G.-M. and Verstraete, M. and Beuken, J.-M. and Pouillon, Y. and Caracas, R. and Jollet, F. and Torrent, M. and Zerah, G. and Mikami, M. and Ghosez, Ph. and Veithen, M. and Raty, J.-Y. and Olevano, V. and Bruneval, F. and Reining, L. and Godby, R. and Onida, G. and Hamann, D.R. and Allan, D.C.},
title={A brief introduction to the ABINIT software package},
journal={Zeitschrift f√ºr Kristallographie},
year={2005},
volume={220},
pages={558-562},
}

@article{mishra2011,
author={Mishra, A.K. and Ramaprabhu, S.},
title={Carbon dioxide adsorption in graphene sheets},
journal={AIP advances},
year={2011},
volume={1},
}

@article{burress2011,
author={Burress, J. and Simmons, J. and Zhou, W. and Srinivas, G. and Ford, J. and Yildirim, T.},
title={GOFs and ZIFs: Experimental Results and Analysis of Carbon Dioxide Sorption},
journal={Journal of the American Physical Society},
year={2011},
volume={31},
}

@article{meng2012,
author={Meng, L.Y. and Park, S.J.},
title={Effect of exfoliation temperature on carbon dioxide capture of graphene nanoplates},
journal={Journal of Colloid and Interface Science},
year={2012},
volume={1},
pages={285-290},
}

@article{odbadrakh2007,
author={Odbadrakh, K. and Luo, X. and Lee, J. and Sagui, C. and Roland, C.},
title={Theoretical Investigation of the Interaction of Glycine with Diamond C(100) and C(111) (2x1) Surfaces},
journal={J. Phys. Chem.},
year={2007},
volume={111},
pages={12760-12767},
}

@article{cabrera-sanfelix2009,
author={Cabrera-Sanfelix, P.},
title={Adsorption and Reactivity of CO$_{2}$ on Defective Graphene Sheets},
journal={J. Phys. Chem},
year={2009},
volume={113},
pages={493-498},
}

@article{nobelprize2010,
title={Scientific Background on the Nobel Prize in Physics 2010},
journal={The Royal Swedish Academy of Sciences},
year={2010},
}

@article{commerce1970,
author={Moore, C.E},
title={Selected Tables of Atomic Spectra},
journal={United States Department of Commerce},
year={1970},
volume={3},
pages={1-72},
}

@article{bienfait2004,
author={Bienfait, M. and Zeppenfeld, P. and Dupont-Pavlovsky, N. and Muris, M. and Johnson, M. R. and Wilson, T. and DePies, T. and Vilches, O.E.},
title={Thermodynamics and structure of hydrogen, methane, argon, oxygen, and carbon dioxide adsorbed on single-wall carbon nanotube bundles},
journal={Physical Review B},
year={2004},
volume={70},
}

@article{wood2012,
author={Wood, B.C. and Bhide, S.Y. and Dutta, D. and Kandagal, V.S. and Pathak, A.D. and Punnathanam, S.N. and Ayappa, K.G. and Narasimhan, S.},
title={Methane and carbon dioxide adsorption on edge-functionalized graphene: A comparative DFT study},
journal={AIP: The Journal of Chemistry and Physics},
year={2012},
volume={137},
}

@article{state2007,
author={U.S. Department of State},
title={Projected Greenhouse Gas Emissions},
journal={http://www.state.gov},
year={2007},
}

@article{nrc2012,
author={NRC},
title={Advancing the Science of Climate Change},
journal={http://nas-sites.org},
year={2012},
}

@article{doney2009,
author={Doney, S.C. and Fabry, V.J. and Feely, R.A. and Kleypas, J.A},
title={Ocean Acidification: The Other CO2 Problem},
journal={http://www.unc.edu},
year={2009},
}

@article{yoon2011,
author={Yoon, H.J. and Jun, D.H. and Yang, J.H. and Zhou, Z. and Yang, S.S. and Cheng, M.M.},
title={Carbon dioxide gas sensor using a graphene sheet},
journal={Sensors and Actuators B: Chemical},
year={2011},
volume={157},
pages={310-313},
}

@article{hou2012,
author={Hou, Z. and Wang, X. and Ikeda, T. and Terakura, K. and Oshima, M. and Kakimoto, M. and Miyato, S.},
title={Interplay between Nitrogen Dopants and Native Point Defects in Graphene},
journal={Mesoscale and Nanoscale Physics},
year={2012},
volume={2},
}

@article{reich2002,
author={Reich, S. and Maultzsch, J. and Thomsen, C.},
title={Tight-binding description of graphene},
journal={Physical Review B},
year={2002},
volume={66},
}

@article{harris1995,
author={Harris, J.G. and Yung, K.H.},
title={Carbon Dioxide's Liquid-Vapor Coexistence Curve And Critical Properties as Predicted by a Simple Molecular Model},
journal={J. Phys. Chem.},
year={1995},
volume={99},
pages={12021-12024},
}

@article{umadevi2011,
author={Umadevi, D. and Sastry, G.N.},
title={Molecular and Ionic Interaction with Graphene Nanoflakes: A
Computational Investigation of CO2, H2O, Li, Mg, Li+, and Mg2+ Interaction with Polycyclic Aromatic Hydrocarbons},
journal={J. Phys. Chem.},
year={2011},
pages={9656-9667},
}

@article{luo2008,
author={Luo, X. and Qian, G. and Sagui, C. and Roland, C.},
title={Amino Acid Adsorption on the Si(100) Surface: The Case of Glycine},
journal={J. Phys. Chem.},
year={2008},
volume={112},
pages={2640-2648},
}

@article{siebel,
  title = {Marine biotic response to elevated carbon dioxide},
  author = { Siebel, B.A. and Fabry, V.J.},
  year = { 2003 },
  journal = { Advances in Applied Biodiversity Science },
  volume = {4},
  pages = {59 - 67}
}

@article{marineexportproduction,
   title = { Potential impact of climate change on marine export production },
   author = { Bopp, L.},
   journal = { Global Bio-Chem. Cy.},
   year = { 2001 },
   volume = {15},
   pages = {81-99}
}
@article{QSHE,
   title = { Quantum Spin Hall Effect in Silicene and Two-Dimensional Germanium },
   author = { Liu, C. and Feng, W. and Yao, Y. },
   journal = { Physical Review Letters },
   year  = { 2011 },
   volume = {107},
   pages  = {1-4}
}
@article{honeycombstructure,
  title = { Two- and One-Dimensional Honeycomb Structures of Silicon and Germanium },
  author = { Cahangirov, S. and Topsakal, M. and Akturk, E. and Sahin, H. and Ciraci, S.},  
  journal = {Physical Review Letters},
  volume = { 102 },
  year = { 2009 },
  pages = { 23 - 26}
}utg
@article{drluo,
  title = { Amino Acid Adsorption on the Si(100) Surface: The Case of Glycine },
  author = { Luo, X. and Qian, G. and Sagui, C. and Roland, C.},
  journal = { The Journal of Physical Chemistry C},
  volume = { 112 },
  pages = { 2640 - 2649 },
  year = { 2008}
}
@article{pielectrons,
  title = { Strain induced phase transitions in silicene bilayers: a first principles and tight-binding study},
  author = { Lian, C. and Ni, J. },
  journal = { AIP Advances },
  year = { 2013},
  volume = { 3}, 
  pages = {052102-1 - 052102-10 }
}  
   
@article{sealevel,
  title = {Irreversible climate change due to carbon dioxide emissions},
  author = {Solomon, S. and Plattner, G. and Knutti, R. and Friendlingstein, P.},
  journal = {Proceedings of the National Academy of Sciences of the United States of America},
  volume = {106},
  pages = {1704-1709},
  year = {2008}
}
@ONLINE{oceanph,
 title = {Discovering the Effects of CO2Levels on Marine Life and Global Climate},
 author = {Bradshaw, Kate},
 year = {2007},
 publisher = {USGS},
 url = {http://soundwaves.usgs.gov}
}
  
@article{foodproduction,
  title = {The Potential Consquences of Increasing CO2 Levels in the Atmosphere},
  author = {Bach, W},
  publisher = {International Institute for Applied System Analysis},
  journal = {Climate and Society},
  year = {1978}   
}
@article{co2amounts,
  title = {Effects of Rising Atmospheric Concentrations of Carbon Dioxide on Plants},
  author= {Taub, D.R.},
  journal= {Nature Education Knowledge},
  volume= {10},
  pages = {3-21},
  year = {2010}
}


@article{lars1994,
  title = {Iron at high pressure: Linearized-augmented-plane-wave computations in the generalized-gradient approximation},
  author = {Stixrude, Lars  and Cohen, R. E. and Singh, D. J.},
  journal = {Phys. Rev. B},
  volume = {50},
  pages = {6442-6445},
  year = {1994},
  doi = {10.1103/PhysRevB.50.6442},
  publisher = {American Physical Society}
}

@article{tackett2001,
author={Tackett, A. R. and Holzwarth, N. A. W. and Matthews, G. E.},
title={A Projector Augmented Wave (PAW) code for electronic structure calculations, Part II: pwpaw for periodic solids in a plane wave basis},
journal={Computer Physics Communications},
year={2001},
volume={135},
pages={348-376}
}
@article{perdew1996,
  title = {Generalized Gradient Approximation Made Simple},
  author = {Perdew, John P. and Burke, Kieron  and Ernzerhof, Matthias },
  journal = {Phys. Rev. Lett.},
  volume = {77},
  pages = {3865-3868},
  year = {1996},
  publisher = {American Physical Society}
}

@article{jacs20011,
  title = {Ambient Carbon Dioxide Capture by Boron-Rich Boron nitride Nanotube},
  author = {H. Choi, Y. Choon Park, Y. Kim, and Y. Lee},
  journal = {Journal of the American Chemical Society},
  volume = {},
  pages = {2084-2087},
  year = {2011}

}

@article{jacs2013,
  title = {Charge-Controlled Switchable Co2 Capture on Boron Nitride Nanomaterials},
  author = {Q. Sun, Z. Li, D. Searles, Y. Chen, G. Lu, and A. Du},
  journal = {Journal Of The American Chemical Society},
  volume = {},
  pages = {8246-8253},
  year = {2013}

}

@article{nano2010,
  title = {Large Scale Growth and Characterization of Atomic Hexagonal Boron Nitride Layers},
  author = {L. Song, L. Ci, H. Lu, P. Sorokin, C. Jin, J. Ni, A. Kvashnin, D. Kvashnin, J. Lou, B. Yakobson, and P. Ajayan},
  journal = {NanoLetters},
  volume = {},
  pages = {3209-3215},
  year = {2010}

}

@article{PR,
  title = {Energy gap tuning in graphene on hexagonal boron nitride bilayer system},
  author = {J. Slawinska, I. Zasada, and Z. Klusek},
  journal = {Physical Review},
  volume = {81},
  pages = {1-9},
  year = {2010}

}

@article{PR2007,
  title = {Substrate-induced band gap in graphene on hexagonal boron nitride: Ab initio density functional calculations},
  author = {G. Viovannetti, P. Khomyakov, G. Brocks, P. Kelly, and J. Brink},
  journal = {Physical Review},
  volume = {76},
  pages = {73-103},
  year = {2007}

}

@misc{cdiac,
  title = {Recent Greenhouse Gas Concentrations},
  author = {T. Blasing},
  journal = {Carbon Dioxide Information Analysis Center},
  year = {2013}

}

@article{nm,
  title = {Direct-bandgap properties and evidence for ultraviolet lasing of hexagonal boron nitride single crystal},
  author = {K. Watanabe, T. Taniguchi, H. Kanda},
  journal = {Nature Materials},
  volume = {3},
  pages = {404-409},
  year = {2004}
}

@article{BN,
  title = {BN white graphene with "colorful" edges-the energies and morphology},
  author = {Y. Liu, S. Bhowmick, and B. Yakobson},
  journal = {},
  volume = {},
  pages = {1-9},
  year = {}

}

@article{mi,
  title = {"White Graphene" Soaks up Pollutants and Can Be Re-used},
  author = {J. Palmer},
  journal = {BBC News},
  volume = {},
  pages = {},
  year = {2013}
}

@article{wang2002,
title={The Role of the Nanoscale in Surface Reactions: CO2 on CdSe},
author={Wang, L.G. and Pennycook, S.J. and Pantelides, S.T.},
journal={Phys. Rev. Lett.},
volume={89},
year={2002},
}

@article{sharma2010,
title={Anomalously Large Reactivity of Single Graphene Layers and Edges toward Electron Transfer Chemistries},
author={Sharma, R. and Baik, J.H. and Perera, C.J. and Strano, M.S.},
journal={Nano. Lett.},
volume={10},
year={2010},
pages={398-405},
}

@article{vogt2012,
title={Silicene: Compelling Experimental Evidence for Graphenelike Two-Dimensional Silicon},
author={Vogt, P. and Padova, P. and Quaresima, C. and Avila, J. and Frantzeskakis, E. and Asensio, M.C. and Resta, A. and Ealet, B. and Le Lay, G.},
journal={Phys. Rev. Lett.},
volume={108}, 
year={2012},
}